<?xml version="1.0" encoding="UTF-8"?><collection xmlns="http://www.loc.gov/MARC21/slim"><record><leader>00542nam--2200169-i-4500</leader><controlfield tag="001">000037735</controlfield><controlfield tag="002">20161230</controlfield><controlfield tag="005">20161230201041</controlfield><controlfield tag="008">060222s1000------------r-----000-0-eng-d</controlfield><datafield ind1=" " ind2=" " tag="040"><subfield code="a">IFIN-HH</subfield></datafield><datafield ind1=" " ind2=" " tag="080"><subfield code="a">533.9</subfield></datafield><datafield ind1="1" ind2=" " tag="100"><subfield code="a">Proulx,George Arthur</subfield></datafield><datafield ind1="1" ind2="0" tag="245"><subfield code="a">Plasma current generation and heating in toroidal geometry by an intense relativistic electron beam. thesis</subfield><subfield code="c">George arthur proulx</subfield></datafield><datafield ind1=" " ind2=" " tag="260"><subfield code="a">Ann Arbor, University Microfilms International, 1981</subfield></datafield><datafield ind1=" " ind2=" " tag="300"><subfield code="a">XIV + 233 P</subfield></datafield><datafield ind1=" " ind2=" " tag="852"><subfield code="a">72855</subfield><subfield code="c">533.9</subfield></datafield><datafield ind1=" " ind2=" " tag="CAT"><subfield code="a">Sys</subfield><subfield code="c">20101001</subfield><subfield code="h">151550</subfield></datafield></record></collection>